@misc{LDR, url={https://components101.com/sites/default/files/component_datasheet/LDR\ Datasheet.pdf }}
@misc{nasa, url={https://imagine.gsfc.nasa.gov/features/yba/M31_velocity/lightcurve/more.html }}
@misc{analog, url={https://www.analog.com/en/applications/technology/3d-time-of-flight.html }}
@misc{texas, url={https://www.ti.com/lit/an/sbau305b/sbau305b.pdf }}
